<?xml version="1.0" encoding="UTF-8"?><record xmlns="http://www.loc.gov/MARC21/slim" xmlns:cinclude="http://apache.org/cocoon/include/1.0" xmlns:zs="http://www.loc.gov/zing/srw/">
  <leader>00440nz  a2200121n  4500</leader>
  <controlfield tag="001">n  93049225 </controlfield>
  <controlfield tag="003">DLC</controlfield>
  <controlfield tag="005">19930525154819.4</controlfield>
  <controlfield tag="008">930525n| acannaab|          |n aaa |||  </controlfield>
  <datafield tag="010" ind1=" " ind2=" ">
    <subfield code="a">n  93049225 </subfield>
  </datafield>
  <datafield tag="040" ind1=" " ind2=" ">
    <subfield code="a">DLC</subfield>
    <subfield code="c">DLC</subfield>
  </datafield>
  <datafield tag="100" ind1="1" ind2="0">
    <subfield code="a">Burt, Mathias</subfield>
  </datafield>
  <datafield tag="670" ind1=" " ind2=" ">
    <subfield code="a">Walters, B.B. Integrated management of common property fuelwood resources from natural and plantation forests in St. Lucia, c1991:</subfield>
    <subfield code="b">t.p. (Mathias Burt; Caribbean Natural Resources Institute)</subfield>
  </datafield>
</record>